<record><leader>00000cas a2200000 a 4500</leader><controlfield tag="001">12228742</controlfield><controlfield tag="008">850703d18921894ksuwr ne      0    0eng d</controlfield><datafield ind1=" " ind2=" " tag="010"><subfield code="a">sn 85030423 </subfield></datafield><datafield ind1=" " ind2=" " tag="040"><subfield code="a">KSH</subfield><subfield code="b">eng</subfield><subfield code="c">KSH</subfield><subfield code="d">NPT</subfield><subfield code="d">OCL</subfield><subfield code="d">OCLCQ</subfield></datafield><datafield ind1=" " ind2=" " tag="042"><subfield code="a">msc</subfield></datafield><datafield ind1="0" ind2="0" tag="245"><subfield code="a">United labor.</subfield></datafield><datafield ind1=" " ind2=" " tag="260"><subfield code="a">Independence, Kan. :</subfield><subfield code="b">E.W. Cox,</subfield><subfield code="c">1892-1894.</subfield></datafield><datafield ind1=" " ind2=" " tag="300"><subfield code="a">2 v. ;</subfield><subfield code="c">54 cm.</subfield></datafield><datafield ind1=" " ind2=" " tag="310"><subfield code="a">Weekly</subfield></datafield><datafield ind1="0" ind2=" " tag="362"><subfield code="a">Vol. 1, no. 1 (May 5, 1892)-v. 3, no. 18 (Aug. 30, 1894).</subfield></datafield><datafield ind1=" " ind2=" " tag="500"><subfield code="a">Published by: A.T. Miller, Mar. 23, 1893-Feb. 22, 1894; Good &amp; Baldwin, Mar. 1-May 3, 1894; L.C. Tener, May 10-Aug. 30, 1894.</subfield></datafield><datafield ind1=" " ind2=" " tag="550"><subfield code="a">"Official organ of the Montgomery County Alliance and People's Party."</subfield></datafield><datafield ind1=" " ind2=" " tag="752"><subfield code="a">United States</subfield><subfield code="b">Kansas</subfield><subfield code="c">Montgomery</subfield><subfield code="d">Independence.</subfield></datafield></record>